@article{de2017comparison,
    title={A Comparison of Algorithms for Solving Multicomponent Optimization Problems},
    author={de Sa Vieira, Daniel Kneipp and Mendes, Marcus Henrique Soares},
    journal={IEEE Latin America Transactions},
    volume={15},
    number={8},
    pages={1474--1479},
    year={2017},
    publisher={IEEE}
}

@inproceedings{vieira2017genetic,
    title={A Genetic Algorithm for Multi-component Optimization Problems: The Case of the Travelling Thief Problem},
    author={Vieira, Daniel KS and Soares, Gustavo L and Vasconcelos, Joao A and Mendes, Marcus HS},
    booktitle={European Conference on Evolutionary Computation in Combinatorial Optimization},
    pages={18--29},
    year={2017},
    organization={Springer}
}

@article{RochaTavares2018,
  doi = {10.1109/tg.2018.2880147},
  url = {https://doi.org/10.1109/tg.2018.2880147},
  year  = {2018},
  publisher = {Institute of Electrical and Electronics Engineers ({IEEE})},
  author = {Anderson Rocha Tavares and Daniel Kneipp S. Vieira and Tiago Negrisoli de Oliveira and Luiz Chaimowicz},
  title = {Algorithm Selection in Adversarial Settings: From Experiments to Tournaments in {StarCraft}},
  journal = {{IEEE} Transactions on Games}
}

@inproceedings{10.1145/3338852.3339854,
    author = {Marks, Renan A. and Vieira, Daniel K. S. and Guterres, Marcos V. and Oliveira, Poliana A. C. and Neto, Omar P. Vilela},
    title = {DNAr-Logic: A Constructive DNA Logic Circuit Design Library in R Language for Molecular Computing},
    year = {2019},
    isbn = {9781450368445},
    publisher = {Association for Computing Machinery},
    address = {New York, NY, USA},
    url = {https://doi.org/10.1145/3338852.3339854},
    doi = {10.1145/3338852.3339854},
    booktitle = {Proceedings of the 32nd Symposium on Integrated Circuits and Systems Design},
    articleno = {Article 12},
    numpages = {6},
    keywords = {nanocomputing, digital logic circuit, DNA strand displacement, molecular computing},
    location = {S\~{a}o Paulo, Brazil},
    series = {SBCCI â€™19}
}
  

